<?xml version='1.0' encoding='utf-8'?>
<record xmlns="http://www.loc.gov/MARC21/slim" xmlns:xsi="http://www.w3.org/2001/XMLSchema-instance">
  <leader>00000ngm^a2200325^a^4500</leader>
  <controlfield tag="001">008725308</controlfield>
  <controlfield tag="005">20100917120719.0</controlfield>
  <controlfield tag="007">vd^cvaiz|</controlfield>
  <controlfield tag="008">070824s2006^^^^miu059^^^^^^^^^^^^vleng^d</controlfield>
  <datafield tag="020" ind1=" " ind2=" ">
    <subfield code="a">0971585199</subfield>
  </datafield>
  <datafield tag="020" ind1=" " ind2=" ">
    <subfield code="a">9780971585195</subfield>
  </datafield>
  <datafield tag="035" ind1=" " ind2=" ">
    <subfield code="a">(OCoLC)166290423</subfield>
  </datafield>
  <datafield tag="035" ind1=" " ind2=" ">
    <subfield code="a">(OCoLC)ocn166290423</subfield>
  </datafield>
  <datafield tag="040" ind1=" " ind2=" ">
    <subfield code="a">EYB</subfield>
    <subfield code="c">EYB</subfield>
    <subfield code="d">BEU</subfield>
    <subfield code="d">MiU-H</subfield>
  </datafield>
  <datafield tag="043" ind1=" " ind2=" ">
    <subfield code="a">n-us-mi</subfield>
  </datafield>
  <datafield tag="049" ind1=" " ind2=" ">
    <subfield code="a">BEUA</subfield>
  </datafield>
  <datafield tag="245" ind1="0" ind2="0">
    <subfield code="a">Our Italian story</subfield>
    <subfield code="h">[videorecording-DVD] :</subfield>
    <subfield code="b">progress, passion and promises : Detroit's Italian heritage.</subfield>
  </datafield>
  <datafield tag="260" ind1=" " ind2=" ">
    <subfield code="a">[Wixom, Mich.] :</subfield>
    <subfield code="b">Visionalist Entertainment Productions,</subfield>
    <subfield code="c">c2006.</subfield>
  </datafield>
  <datafield tag="300" ind1=" " ind2=" ">
    <subfield code="a">1 videodisc (ca. 59 min.) :</subfield>
    <subfield code="b">sd., b&amp;w and col. ;</subfield>
    <subfield code="c">4 3/4 in. +</subfield>
    <subfield code="e">1 booklet (21 p. : ill. ; 18 cm.)</subfield>
  </datafield>
  <datafield tag="306" ind1=" " ind2=" ">
    <subfield code="a">005840</subfield>
  </datafield>
  <datafield tag="500" ind1=" " ind2=" ">
    <subfield code="a">"An inspirational look into the world of our Italian community"--Case.</subfield>
  </datafield>
  <datafield tag="500" ind1=" " ind2=" ">
    <subfield code="a">Information about film taken from booklet.</subfield>
  </datafield>
  <datafield tag="505" ind1="0" ind2=" ">
    <subfield code="a">Our Italian story documentary (ca. 59 min.) -- Additional scenes (ca. 2 min.) -- Special moments (ca. 3 min.) -- Personal insights (ca. 25 min.)</subfield>
  </datafield>
  <datafield tag="511" ind1="0" ind2=" ">
    <subfield code="a">Director, Keith Famie ; writer, Chris Kassel ; executive producers, Keith Famie and Toni Wisne-Sabina.</subfield>
  </datafield>
  <datafield tag="520" ind1=" " ind2=" ">
    <subfield code="a">"How old is Detroit's connection to folks of Italian decent? As old as the city itself. Alfonso Tonti was present at the city's 1701 founding, and since then, thousands of Italian immigrants have chosen us as their new homeland, helping to weave Detroit's colorful tapestry. This DVD contains honest, sometimes controversial interviews with Detroit's most prominent Italian Americans. It follows their footsteps through their toughest challenges, their boom times and tracks them through wars and economic downturns. It traces their seamless integration into business, politics and art, all the while rejoicing in an essential Italian zest for life. 'Our Italian Story' is an in-depth look at Detroit's true pioneers. This is their story, but to Detroiters, it's a proud chapter in 'Our Story'."--Back of case.</subfield>
  </datafield>
  <datafield tag="650" ind1=" " ind2="0">
    <subfield code="a">Italian Americans</subfield>
    <subfield code="z">Michigan</subfield>
    <subfield code="x">History.</subfield>
  </datafield>
  <datafield tag="650" ind1=" " ind2="0">
    <subfield code="a">Italian Americans</subfield>
    <subfield code="z">Michigan</subfield>
    <subfield code="x">Social conditions.</subfield>
  </datafield>
  <datafield tag="651" ind1=" " ind2="0">
    <subfield code="a">Michigan</subfield>
    <subfield code="x">Ethnic relations.</subfield>
  </datafield>
  <datafield tag="700" ind1="1" ind2=" ">
    <subfield code="a">Famie, Keith.</subfield>
  </datafield>
  <datafield tag="700" ind1="1" ind2=" ">
    <subfield code="a">Kassel, Chris.</subfield>
  </datafield>
  <datafield tag="700" ind1="1" ind2=" ">
    <subfield code="a">Wisne-Sabina, Toni.</subfield>
  </datafield>
  <datafield tag="710" ind1="2" ind2=" ">
    <subfield code="a">Visionalist Entertainment Productions.</subfield>
  </datafield>
  <datafield tag="852" ind1="8" ind2=" ">
    <subfield code="a">MiU-H</subfield>
    <subfield code="b">BENT</subfield>
    <subfield code="h">2010183 Aa 2</subfield>
  </datafield>
  <datafield tag="997" ind1=" " ind2=" ">
    <subfield code="a">MARS</subfield>
  </datafield>
  <datafield tag="955" ind1=" " ind2=" ">
    <subfield code="b">BENT</subfield>
    <subfield code="p">B4323339</subfield>
  </datafield>
</record>
